@article{Rennieart,
  title={ifile: An Application of Machine Learning toE-Mail Filtering},
  author={Rennieartificial, Jason D. M.},
  journal={Proc Kdd Workshop on Text Mining},
  year={2008},
}

@inproceedings{Pantel1998SpamCop,
  title={SpamCop-A Spam Classification \& Organization Program},
  author={Pantel, P},
  booktitle={Learning for Text Categorization : Papers From AAAI Workshop},
  pages={95--98},
  year={1998},
}

@inproceedings{Graham2003Better,
  title={Better Bayesian Filtering},
  author={Graham, P},
  booktitle={Spam Conference},
  year={2003},
}

@article{Robinson2006Spam,
  title={Spam Detection},
  author={Robinson, G},
  year={2006},
}

@inproceedings{Manber1994Finding,
  title={Finding Similar Files in a Large File System},
  author={Manber, Udi},
  booktitle={Usenix Winter Technical Conference},
  pages={1--10},
  year={1994},
}

@inproceedings{Gray2004Personalised,
  title={Personalised, Collaborative Spam Filtering},
  author={Gray, Alan and Haahr, Mads},
  booktitle={Conference on Email \& Anti-Spam},
  year={2004},
}

@book{Karp1987Efficient,
  title={Efficient randomized pattern-matching algorithms},
  author={Karp, Richard M. and Rabin, Michael O.},
  publisher={IBM Corp.},
  pages={249-260},
  year={1987},
}

@article{宫秀军2002一种增量贝叶斯分类模型,
  title={一种增量贝叶斯分类模型},
  author={宫秀军 and 刘少辉 and 史忠植},
  journal={计算机学报},
  volume={25},
  number={6},
  pages={645-650},
  year={2002},
}

@book{cjb,
  author    = {Herber A. Simon, Glenn lea},
  title     = {Problem Solving And Rule Reduction},
  year      = {1974},
  pages     = {145-156},
}

@article{周水庚2001基于,
  title={基于Ngram信息的中文文档分类研究},
  author={周水庚 and 关佶红 and 俞红奇 and 胡运发},
  journal={中文信息学报},
  volume={15},
  number={1},
  pages={34-39},
  year={2001},
}
